<?xml version="1.0" encoding="UTF-8"?><collection xmlns="http://www.loc.gov/MARC21/slim"><record><leader>00366nam--2200133-i-4500</leader><controlfield tag="001">000031256</controlfield><controlfield tag="002">20161230</controlfield><controlfield tag="005">20161230201038</controlfield><controlfield tag="008">060222s1000------------r-----000-0-eng-d</controlfield><datafield ind1=" " ind2=" " tag="100"><subfield code="a">John, P.K</subfield></datafield><datafield ind1=" " ind2=" " tag="260"><subfield code="a">Gaseous Electronics Some Applications</subfield></datafield><datafield ind1=" " ind2=" " tag="490"><subfield code="a">Amsterdam, North-holland Publishing Company, 1974. 132p</subfield></datafield><datafield ind1=" " ind2=" " tag="700"><subfield code="a">Mcgowan, J,W</subfield></datafield><datafield ind1=" " ind2=" " tag="852"><subfield code="a">537.5:621.38(061.3)</subfield></datafield></record></collection>